@online{data-hazards,
author = {N. Di Cara and N. Thurlby},
title = {Data Hazards},
year = {2021},
howpublished={\url{https://very-good-science.github.io/data-hazards/}},
urldate = {2021-09-24}
}
@online{data-hazards-workshop,
author = {N. Di Cara and N. Thurlby},
title = {Data Hazards Workshop: Tuesday 21st September 1-3pm},
year = {2021},
howpublished={\url{https://very-good-science.github.io/data-hazards/contents/events/2021-09-21_workshop.html}},
urldate = {2021-09-24}
}
